<?xml version="1.0" encoding="UTF-8"?><collection xmlns="http://www.loc.gov/MARC21/slim"><record><leader>00457nam--2200169-i-4500</leader><controlfield tag="001">000024358</controlfield><controlfield tag="002">20161230</controlfield><controlfield tag="005">20161230201035</controlfield><controlfield tag="008">060222s1000------------r-----000-0-eng-d</controlfield><datafield ind1=" " ind2=" " tag="040"><subfield code="a">IFIN-HH</subfield></datafield><datafield ind1=" " ind2=" " tag="080"><subfield code="a">52-735:681.77(043)</subfield></datafield><datafield ind1="1" ind2=" " tag="100"><subfield code="a">Huizenga, Henk</subfield></datafield><datafield ind1="1" ind2="0" tag="245"><subfield code="a">A focal plane camera for celestial xuv sources</subfield><subfield code="b">These</subfield><subfield code="c">Henk huizenga</subfield></datafield><datafield ind1=" " ind2=" " tag="260"><subfield code="a">Amsterdam</subfield><subfield code="b">Universiteit</subfield><subfield code="c">1980</subfield></datafield><datafield ind1=" " ind2=" " tag="300"><subfield code="a">142 P</subfield></datafield><datafield ind1=" " ind2=" " tag="852"><subfield code="a">70859</subfield><subfield code="c">523</subfield></datafield><datafield ind1=" " ind2=" " tag="CAT"><subfield code="a">Sys</subfield><subfield code="c">20141204</subfield><subfield code="h">174911</subfield></datafield></record></collection>